%YAML 1.1
%TAG !u! tag:unity3d.com,2011:
--- !u!1 &1882418121582241539
GameObject:
  m_ObjectHideFlags: 0
  m_CorrespondingSourceObject: {fileID: 0}
  m_PrefabInstance: {fileID: 0}
  m_PrefabAsset: {fileID: 0}
  serializedVersion: 6
  m_Component:
  - component: {fileID: 1882418121582241548}
  - component: {fileID: 1882418121582241536}
  - component: {fileID: 1882418121582241545}
  - component: {fileID: 1882418121582241544}
  - component: {fileID: 1882418121582241547}
  - component: {fileID: 1882418121582241546}
  - component: {fileID: 1882418121582241549}
  - component: {fileID: 6494522606792274687}
  - component: {fileID: 2862118983233310420}
  - component: {fileID: 8175261296423109961}
  - component: {fileID: 3446894543628892454}
  m_Layer: 0
  m_Name: Compas
  m_TagString: Untagged
  m_Icon: {fileID: 0}
  m_NavMeshLayer: 0
  m_StaticEditorFlags: 0
  m_IsActive: 1
--- !u!4 &1882418121582241548
Transform:
  m_ObjectHideFlags: 0
  m_CorrespondingSourceObject: {fileID: 0}
  m_PrefabInstance: {fileID: 0}
  m_PrefabAsset: {fileID: 0}
  m_GameObject: {fileID: 1882418121582241539}
  m_LocalRotation: {x: -0, y: 0.9218314, z: -0, w: 0.38759127}
  m_LocalPosition: {x: 0, y: 0, z: 0}
  m_LocalScale: {x: 1, y: 1, z: 1}
  m_Children:
  - {fileID: 5695997483165198880}
  m_Father: {fileID: 0}
  m_RootOrder: 0
  m_LocalEulerAnglesHint: {x: 0, y: 134.391, z: 0}
--- !u!54 &1882418121582241536
Rigidbody:
  m_ObjectHideFlags: 0
  m_CorrespondingSourceObject: {fileID: 0}
  m_PrefabInstance: {fileID: 0}
  m_PrefabAsset: {fileID: 0}
  m_GameObject: {fileID: 1882418121582241539}
  serializedVersion: 2
  m_Mass: 1
  m_Drag: 0
  m_AngularDrag: 0.05
  m_UseGravity: 1
  m_IsKinematic: 0
  m_Interpolate: 0
  m_Constraints: 0
  m_CollisionDetection: 0
--- !u!114 &1882418121582241545
MonoBehaviour:
  m_ObjectHideFlags: 0
  m_CorrespondingSourceObject: {fileID: 0}
  m_PrefabInstance: {fileID: 0}
  m_PrefabAsset: {fileID: 0}
  m_GameObject: {fileID: 1882418121582241539}
  m_Enabled: 1
  m_EditorHideFlags: 0
  m_Script: {fileID: 11500000, guid: a3abaf4521bf2344ea21ed3020b98eb2, type: 3}
  m_Name: 
  m_EditorClassIdentifier: 
  disableWhenIdle: 1
  allowedNearTouchControllers: 0
  allowedTouchControllers: 0
  ignoredColliders: []
  isGrabbable: 1
  holdButtonToGrab: 0
  stayGrabbedOnTeleport: 1
  validDrop: 1
  grabOverrideButton: 0
  allowedGrabControllers: 0
  grabAttachMechanicScript: {fileID: 1882418121582241546}
  secondaryGrabActionScript: {fileID: 1882418121582241549}
  isUsable: 0
  holdButtonToUse: 1
  useOnlyIfGrabbed: 0
  pointerActivatesUseAction: 0
  useOverrideButton: 0
  allowedUseControllers: 0
  objectHighlighter: {fileID: 0}
  touchHighlightColor: {r: 0, g: 0, b: 0, a: 0}
  usingState: 0
--- !u!114 &1882418121582241544
MonoBehaviour:
  m_ObjectHideFlags: 0
  m_CorrespondingSourceObject: {fileID: 0}
  m_PrefabInstance: {fileID: 0}
  m_PrefabAsset: {fileID: 0}
  m_GameObject: {fileID: 1882418121582241539}
  m_Enabled: 1
  m_EditorHideFlags: 0
  m_Script: {fileID: 11500000, guid: dc2315305343a584e8758755b54117c5, type: 3}
  m_Name: 
  m_EditorClassIdentifier: 
  clipOnNearTouch: {fileID: 0}
  strengthOnNearTouch: 0
  durationOnNearTouch: 0
  intervalOnNearTouch: 0.05
  cancelOnNearUntouch: 1
  clipOnTouch: {fileID: 0}
  strengthOnTouch: 0
  durationOnTouch: 0
  intervalOnTouch: 0.05
  cancelOnUntouch: 1
  clipOnGrab: {fileID: 0}
  strengthOnGrab: 0
  durationOnGrab: 0
  intervalOnGrab: 0.05
  cancelOnUngrab: 1
  clipOnUse: {fileID: 0}
  strengthOnUse: 0
  durationOnUse: 0
  intervalOnUse: 0.05
  cancelOnUnuse: 1
  objectToAffect: {fileID: 0}
--- !u!114 &1882418121582241547
MonoBehaviour:
  m_ObjectHideFlags: 0
  m_CorrespondingSourceObject: {fileID: 0}
  m_PrefabInstance: {fileID: 0}
  m_PrefabAsset: {fileID: 0}
  m_GameObject: {fileID: 1882418121582241539}
  m_Enabled: 1
  m_EditorHideFlags: 0
  m_Script: {fileID: 11500000, guid: abc4b5dd2be1cea4aaea2850b910d3f9, type: 3}
  m_Name: 
  m_EditorClassIdentifier: 
  nearTouchHighlight: {r: 0, g: 0, b: 0, a: 0}
  touchHighlight: {r: 0.8490566, g: 0.06007475, b: 0.7239825, a: 1}
  grabHighlight: {r: 0, g: 0, b: 0, a: 0}
  useHighlight: {r: 0, g: 0, b: 0, a: 0}
  objectToMonitor: {fileID: 0}
  objectToHighlight: {fileID: 0}
  objectHighlighter: {fileID: 0}
  objectToAffect: {fileID: 0}
--- !u!114 &1882418121582241546
MonoBehaviour:
  m_ObjectHideFlags: 0
  m_CorrespondingSourceObject: {fileID: 0}
  m_PrefabInstance: {fileID: 0}
  m_PrefabAsset: {fileID: 0}
  m_GameObject: {fileID: 1882418121582241539}
  m_Enabled: 1
  m_EditorHideFlags: 0
  m_Script: {fileID: 11500000, guid: 5ec2ac476f2fc9a45a4e69712580a603, type: 3}
  m_Name: 
  m_EditorClassIdentifier: 
  precisionGrab: 0
  rightSnapHandle: {fileID: 0}
  leftSnapHandle: {fileID: 0}
  throwVelocityWithAttachDistance: 0
  throwMultiplier: 1
  onGrabCollisionDelay: 0
--- !u!114 &1882418121582241549
MonoBehaviour:
  m_ObjectHideFlags: 0
  m_CorrespondingSourceObject: {fileID: 0}
  m_PrefabInstance: {fileID: 0}
  m_PrefabAsset: {fileID: 0}
  m_GameObject: {fileID: 1882418121582241539}
  m_Enabled: 1
  m_EditorHideFlags: 0
  m_Script: {fileID: 11500000, guid: 18055ba762aa3994f9c10208cd088bc5, type: 3}
  m_Name: 
  m_EditorClassIdentifier: 
--- !u!114 &6494522606792274687
MonoBehaviour:
  m_ObjectHideFlags: 0
  m_CorrespondingSourceObject: {fileID: 0}
  m_PrefabInstance: {fileID: 0}
  m_PrefabAsset: {fileID: 0}
  m_GameObject: {fileID: 1882418121582241539}
  m_Enabled: 1
  m_EditorHideFlags: 0
  m_Script: {fileID: 11500000, guid: 9a67ac2532135784bb8dca0f182a2e79, type: 3}
  m_Name: 
  m_EditorClassIdentifier: 
  name: Compas
  description: "Instrument \xE0 pointe s\xE8che utilis\xE9 par les marins ou les
    cartographes pour prendre des mesures et les reporter sur une carte afin de calculer
    une distance \xE0 parcourir."
--- !u!65 &2862118983233310420
BoxCollider:
  m_ObjectHideFlags: 0
  m_CorrespondingSourceObject: {fileID: 0}
  m_PrefabInstance: {fileID: 0}
  m_PrefabAsset: {fileID: 0}
  m_GameObject: {fileID: 1882418121582241539}
  m_Material: {fileID: 0}
  m_IsTrigger: 0
  m_Enabled: 1
  serializedVersion: 2
  m_Size: {x: 0.02, y: 0.23, z: 0.064150296}
  m_Center: {x: 0, y: 0, z: 0}
--- !u!82 &8175261296423109961
AudioSource:
  m_ObjectHideFlags: 0
  m_CorrespondingSourceObject: {fileID: 0}
  m_PrefabInstance: {fileID: 0}
  m_PrefabAsset: {fileID: 0}
  m_GameObject: {fileID: 1882418121582241539}
  m_Enabled: 1
  serializedVersion: 4
  OutputAudioMixerGroup: {fileID: 0}
  m_audioClip: {fileID: 8300000, guid: 20cdd907b6c9a0642995b9ea477bbf87, type: 3}
  m_PlayOnAwake: 0
  m_Volume: 1
  m_Pitch: 1
  Loop: 0
  Mute: 0
  Spatialize: 0
  SpatializePostEffects: 0
  Priority: 128
  DopplerLevel: 1
  MinDistance: 1
  MaxDistance: 500
  Pan2D: 0
  rolloffMode: 0
  BypassEffects: 0
  BypassListenerEffects: 0
  BypassReverbZones: 0
  rolloffCustomCurve:
    serializedVersion: 2
    m_Curve:
    - serializedVersion: 3
      time: 0
      value: 1
      inSlope: 0
      outSlope: 0
      tangentMode: 0
      weightedMode: 0
      inWeight: 0.33333334
      outWeight: 0.33333334
    - serializedVersion: 3
      time: 1
      value: 0
      inSlope: 0
      outSlope: 0
      tangentMode: 0
      weightedMode: 0
      inWeight: 0.33333334
      outWeight: 0.33333334
    m_PreInfinity: 2
    m_PostInfinity: 2
    m_RotationOrder: 4
  panLevelCustomCurve:
    serializedVersion: 2
    m_Curve:
    - serializedVersion: 3
      time: 0
      value: 1
      inSlope: 0
      outSlope: 0
      tangentMode: 0
      weightedMode: 0
      inWeight: 0.33333334
      outWeight: 0.33333334
    m_PreInfinity: 2
    m_PostInfinity: 2
    m_RotationOrder: 4
  spreadCustomCurve:
    serializedVersion: 2
    m_Curve:
    - serializedVersion: 3
      time: 0
      value: 0
      inSlope: 0
      outSlope: 0
      tangentMode: 0
      weightedMode: 0
      inWeight: 0.33333334
      outWeight: 0.33333334
    m_PreInfinity: 2
    m_PostInfinity: 2
    m_RotationOrder: 4
  reverbZoneMixCustomCurve:
    serializedVersion: 2
    m_Curve:
    - serializedVersion: 3
      time: 0
      value: 1
      inSlope: 0
      outSlope: 0
      tangentMode: 0
      weightedMode: 0
      inWeight: 0.33333334
      outWeight: 0.33333334
    m_PreInfinity: 2
    m_PostInfinity: 2
    m_RotationOrder: 4
--- !u!114 &3446894543628892454
MonoBehaviour:
  m_ObjectHideFlags: 0
  m_CorrespondingSourceObject: {fileID: 0}
  m_PrefabInstance: {fileID: 0}
  m_PrefabAsset: {fileID: 0}
  m_GameObject: {fileID: 1882418121582241539}
  m_Enabled: 1
  m_EditorHideFlags: 0
  m_Script: {fileID: 11500000, guid: fa0946c517483f940a48dee82a263d4a, type: 3}
  m_Name: 
  m_EditorClassIdentifier: 
  sound: {fileID: 8175261296423109961}
  timer: 5
  minPitch: 0.2
  minVol: 0.5
--- !u!1001 &3889468705114679413
PrefabInstance:
  m_ObjectHideFlags: 0
  serializedVersion: 2
  m_Modification:
    m_TransformParent: {fileID: 1882418121582241548}
    m_Modifications:
    - target: {fileID: 4972180379177779522, guid: b0738785140c2ce4c9d834086e300245,
        type: 3}
      propertyPath: m_Name
      value: Compas
      objectReference: {fileID: 0}
    - target: {fileID: 8860292021518025301, guid: b0738785140c2ce4c9d834086e300245,
        type: 3}
      propertyPath: m_LocalPosition.x
      value: -0.00049996376
      objectReference: {fileID: 0}
    - target: {fileID: 8860292021518025301, guid: b0738785140c2ce4c9d834086e300245,
        type: 3}
      propertyPath: m_LocalPosition.y
      value: -0.07684487
      objectReference: {fileID: 0}
    - target: {fileID: 8860292021518025301, guid: b0738785140c2ce4c9d834086e300245,
        type: 3}
      propertyPath: m_LocalPosition.z
      value: 0.12099993
      objectReference: {fileID: 0}
    - target: {fileID: 8860292021518025301, guid: b0738785140c2ce4c9d834086e300245,
        type: 3}
      propertyPath: m_LocalRotation.x
      value: -0
      objectReference: {fileID: 0}
    - target: {fileID: 8860292021518025301, guid: b0738785140c2ce4c9d834086e300245,
        type: 3}
      propertyPath: m_LocalRotation.y
      value: -0
      objectReference: {fileID: 0}
    - target: {fileID: 8860292021518025301, guid: b0738785140c2ce4c9d834086e300245,
        type: 3}
      propertyPath: m_LocalRotation.z
      value: -0
      objectReference: {fileID: 0}
    - target: {fileID: 8860292021518025301, guid: b0738785140c2ce4c9d834086e300245,
        type: 3}
      propertyPath: m_LocalRotation.w
      value: 1
      objectReference: {fileID: 0}
    - target: {fileID: 8860292021518025301, guid: b0738785140c2ce4c9d834086e300245,
        type: 3}
      propertyPath: m_RootOrder
      value: 0
      objectReference: {fileID: 0}
    - target: {fileID: 8860292021518025301, guid: b0738785140c2ce4c9d834086e300245,
        type: 3}
      propertyPath: m_LocalEulerAnglesHint.x
      value: 0
      objectReference: {fileID: 0}
    - target: {fileID: 8860292021518025301, guid: b0738785140c2ce4c9d834086e300245,
        type: 3}
      propertyPath: m_LocalEulerAnglesHint.y
      value: 0
      objectReference: {fileID: 0}
    - target: {fileID: 8860292021518025301, guid: b0738785140c2ce4c9d834086e300245,
        type: 3}
      propertyPath: m_LocalEulerAnglesHint.z
      value: 0
      objectReference: {fileID: 0}
    m_RemovedComponents: []
  m_SourcePrefab: {fileID: 100100000, guid: b0738785140c2ce4c9d834086e300245, type: 3}
--- !u!4 &5695997483165198880 stripped
Transform:
  m_CorrespondingSourceObject: {fileID: 8860292021518025301, guid: b0738785140c2ce4c9d834086e300245,
    type: 3}
  m_PrefabInstance: {fileID: 3889468705114679413}
  m_PrefabAsset: {fileID: 0}
