%YAML 1.1
%TAG !u! tag:unity3d.com,2011:
--- !u!64 &9211278630146570855
MeshCollider:
  m_ObjectHideFlags: 0
  m_CorrespondingSourceObject: {fileID: 0}
  m_PrefabInstance: {fileID: 0}
  m_PrefabAsset: {fileID: 0}
  m_GameObject: {fileID: 1045193133519248574}
  m_Material: {fileID: 0}
  m_IsTrigger: 0
  m_Enabled: 1
  serializedVersion: 4
  m_Convex: 1
  m_CookingOptions: 30
  m_Mesh: {fileID: -5076798556035486163, guid: 0097b3e865b10dd40907384dca1a0e00, type: 3}
--- !u!64 &6497225319797798459
MeshCollider:
  m_ObjectHideFlags: 0
  m_CorrespondingSourceObject: {fileID: 0}
  m_PrefabInstance: {fileID: 0}
  m_PrefabAsset: {fileID: 0}
  m_GameObject: {fileID: 5399228819675750662}
  m_Material: {fileID: 0}
  m_IsTrigger: 0
  m_Enabled: 1
  serializedVersion: 4
  m_Convex: 1
  m_CookingOptions: 30
  m_Mesh: {fileID: 6099800089077584851, guid: 0097b3e865b10dd40907384dca1a0e00, type: 3}
--- !u!1 &7054450447556270858
GameObject:
  m_ObjectHideFlags: 0
  m_CorrespondingSourceObject: {fileID: 0}
  m_PrefabInstance: {fileID: 0}
  m_PrefabAsset: {fileID: 0}
  serializedVersion: 6
  m_Component:
  - component: {fileID: 1406114648568852990}
  m_Layer: 0
  m_Name: Sphere
  m_TagString: Untagged
  m_Icon: {fileID: 0}
  m_NavMeshLayer: 0
  m_StaticEditorFlags: 0
  m_IsActive: 1
--- !u!4 &1406114648568852990
Transform:
  m_ObjectHideFlags: 0
  m_CorrespondingSourceObject: {fileID: 0}
  m_PrefabInstance: {fileID: 0}
  m_PrefabAsset: {fileID: 0}
  m_GameObject: {fileID: 7054450447556270858}
  m_LocalRotation: {x: 0, y: 0, z: 0, w: 1}
  m_LocalPosition: {x: 2.877, y: 0.027708888, z: 1.177}
  m_LocalScale: {x: 1, y: 1, z: 1}
  m_Children:
  - {fileID: 8451223498958428388}
  - {fileID: 7014908874968341770}
  m_Father: {fileID: 0}
  m_RootOrder: 0
  m_LocalEulerAnglesHint: {x: 0, y: 0, z: 0}
--- !u!1 &8895391334345425154
GameObject:
  m_ObjectHideFlags: 0
  m_CorrespondingSourceObject: {fileID: 0}
  m_PrefabInstance: {fileID: 0}
  m_PrefabAsset: {fileID: 0}
  serializedVersion: 6
  m_Component:
  - component: {fileID: 7014908874968341770}
  - component: {fileID: 7285922373989839163}
  m_Layer: 0
  m_Name: Collider
  m_TagString: Untagged
  m_Icon: {fileID: 0}
  m_NavMeshLayer: 0
  m_StaticEditorFlags: 0
  m_IsActive: 1
--- !u!4 &7014908874968341770
Transform:
  m_ObjectHideFlags: 0
  m_CorrespondingSourceObject: {fileID: 0}
  m_PrefabInstance: {fileID: 0}
  m_PrefabAsset: {fileID: 0}
  m_GameObject: {fileID: 8895391334345425154}
  m_LocalRotation: {x: 0, y: 0, z: 0, w: 1}
  m_LocalPosition: {x: 0, y: 0, z: 0}
  m_LocalScale: {x: 1, y: 1, z: 1}
  m_Children: []
  m_Father: {fileID: 1406114648568852990}
  m_RootOrder: 1
  m_LocalEulerAnglesHint: {x: 0, y: 0, z: 0}
--- !u!135 &7285922373989839163
SphereCollider:
  m_ObjectHideFlags: 0
  m_CorrespondingSourceObject: {fileID: 0}
  m_PrefabInstance: {fileID: 0}
  m_PrefabAsset: {fileID: 0}
  m_GameObject: {fileID: 8895391334345425154}
  m_Material: {fileID: 0}
  m_IsTrigger: 0
  m_Enabled: 1
  serializedVersion: 2
  m_Radius: 0.3991207
  m_Center: {x: 0, y: 0.9166937, z: 0}
--- !u!1001 &5048587282724245612
PrefabInstance:
  m_ObjectHideFlags: 0
  serializedVersion: 2
  m_Modification:
    m_TransformParent: {fileID: 1406114648568852990}
    m_Modifications:
    - target: {fileID: 3699963952131508360, guid: 70615c25462be934092bd1cf17401a51,
        type: 3}
      propertyPath: m_LocalPosition.x
      value: 0
      objectReference: {fileID: 0}
    - target: {fileID: 3699963952131508360, guid: 70615c25462be934092bd1cf17401a51,
        type: 3}
      propertyPath: m_LocalPosition.y
      value: 0
      objectReference: {fileID: 0}
    - target: {fileID: 3699963952131508360, guid: 70615c25462be934092bd1cf17401a51,
        type: 3}
      propertyPath: m_LocalPosition.z
      value: 0
      objectReference: {fileID: 0}
    - target: {fileID: 3699963952131508360, guid: 70615c25462be934092bd1cf17401a51,
        type: 3}
      propertyPath: m_LocalRotation.x
      value: 0
      objectReference: {fileID: 0}
    - target: {fileID: 3699963952131508360, guid: 70615c25462be934092bd1cf17401a51,
        type: 3}
      propertyPath: m_LocalRotation.y
      value: 0
      objectReference: {fileID: 0}
    - target: {fileID: 3699963952131508360, guid: 70615c25462be934092bd1cf17401a51,
        type: 3}
      propertyPath: m_LocalRotation.z
      value: 0
      objectReference: {fileID: 0}
    - target: {fileID: 3699963952131508360, guid: 70615c25462be934092bd1cf17401a51,
        type: 3}
      propertyPath: m_LocalRotation.w
      value: 1
      objectReference: {fileID: 0}
    - target: {fileID: 3699963952131508360, guid: 70615c25462be934092bd1cf17401a51,
        type: 3}
      propertyPath: m_RootOrder
      value: 0
      objectReference: {fileID: 0}
    - target: {fileID: 3699963952131508360, guid: 70615c25462be934092bd1cf17401a51,
        type: 3}
      propertyPath: m_LocalEulerAnglesHint.x
      value: 0
      objectReference: {fileID: 0}
    - target: {fileID: 3699963952131508360, guid: 70615c25462be934092bd1cf17401a51,
        type: 3}
      propertyPath: m_LocalEulerAnglesHint.y
      value: 0
      objectReference: {fileID: 0}
    - target: {fileID: 3699963952131508360, guid: 70615c25462be934092bd1cf17401a51,
        type: 3}
      propertyPath: m_LocalEulerAnglesHint.z
      value: 0
      objectReference: {fileID: 0}
    - target: {fileID: 4040636172798317106, guid: 70615c25462be934092bd1cf17401a51,
        type: 3}
      propertyPath: m_Name
      value: SphereModel
      objectReference: {fileID: 0}
    m_RemovedComponents: []
  m_SourcePrefab: {fileID: 100100000, guid: 70615c25462be934092bd1cf17401a51, type: 3}
--- !u!4 &8451223498958428388 stripped
Transform:
  m_CorrespondingSourceObject: {fileID: 3699963952131508360, guid: 70615c25462be934092bd1cf17401a51,
    type: 3}
  m_PrefabInstance: {fileID: 5048587282724245612}
  m_PrefabAsset: {fileID: 0}
--- !u!1 &1045193133519248574 stripped
GameObject:
  m_CorrespondingSourceObject: {fileID: 5229078275355233490, guid: 70615c25462be934092bd1cf17401a51,
    type: 3}
  m_PrefabInstance: {fileID: 5048587282724245612}
  m_PrefabAsset: {fileID: 0}
--- !u!1 &5399228819675750662 stripped
GameObject:
  m_CorrespondingSourceObject: {fileID: 936121329869287786, guid: 70615c25462be934092bd1cf17401a51,
    type: 3}
  m_PrefabInstance: {fileID: 5048587282724245612}
  m_PrefabAsset: {fileID: 0}
